% This file was created with JabRef 2.4.2.
% Encoding: Cp1252

@ARTICLE{Kosala2000,
  author = {Raymond Kosala and Hendrik Blockeel},
  title = {Web Mining Research: A Survey.},
  year = {2000},
  owner = {uel},
  timestamp = {2009.04.02}
}
 
@comment{jabref-meta: selector_publisher:}

@comment{jabref-meta: selector_author:}

@comment{jabref-meta: selector_journal:}

@comment{jabref-meta: selector_keywords:}

